@Article{musicEEG,
  author = 	 "Ning-Han Liu, Cheng-Yu Chiang and Hsiang-Ming Hsu ",
  title = 	 "Improving Driver Alertness through Music Selection Using a Mobile EEG to Detect Brainwaves",
  journal =	 "Sensors",
  year =	 2013,
  month =	 "June",
  note = "\url{http://www.fermentas.com/techinfo/nucleicacids/maplambda.htm}"
}

@Article{BCIilliteracy,
  author = 	 "Minkyu Ahn, Hohyun Cho, Sangtae Ahn, Sung Chan Jun",
  title = 	 "High Theta and Low Alpha Powers May Be Indicative of BCI-Illiteracy in Motor Imagery",
  journal =	 "PLoS ONE 8(11): e80886",
  year =	 2013,
  month =	 "November",
  note = "{doi:10.1371/journal.pone.0080886}"
}

@Article{cureBCIilliteracy,
  author = 	 "Carmen Vidaurre, Benjamin Blankertz",
  title = 	 "Towards a Cure for BCI Illiteracy",
  journal =	 "BMC Neuroscience",
  year =	 2009,
  month =	 "July",
  note = "{doi:10.1186/1471-2202-10-S1-P85}"
}

@Article{neurophone,
  author = 	 "Andrew T. Campbell, Tanzeem Choudhury, Shaohan Hu, Hong Lu, Matthew K. Mukerjee, Mashfiqui Rabbi, and Rajeev D. S. Raizada",
  title = 	 "NeuroPhone: Brain-Mobile Phone Interface using a Wireless EEG Headset",
  journal =	 "MobiHeld/ACM",
  year =	 2010,
  month =	 "August"
}

@Article{handOrthotic,
  author = 	 "Sam Fok, Raphael Schwartz, Mark Wronkiewicz, Charles Holmes, Jessica Zhang, Thane Somers, David Bundy, Eric Leuthardt",
  title = 	 "An EEG-based Brain Computer Interface for Rehabilitation and Restoration of Hand Control following Stroke Using Ipsilateral Cortical Physiology",
  journal =	 "Engineering in Medicine and Biology Society, EMBC, 2011 Annual International Conference of the IEEE",
  year =	 2011,
  month =	 "September",
  note = "{doi: 10.1109/IEMBS.2011.6091549}"	
}

@Article{wowControl,
  author = 	 "Reinhold Scherer, Markus Pröll, Brendan Allison, & Gernot R. Müller-Putz",
  title = 	 "New Input Modalities for Modern Game Design and Virtual Embodiment",
  journal =	 "Virtual Reality Short Papers and Posters (VRW), 2012 IEEE",
  year =	 2012,
  month =	 "March",
  note = "{doi: 10.1109/VR.2012.6180932}"
}

@Article{wheelchairEEG,
  author = 	 "Francesco Carrino, Joel Dumoulin, Elena Mugellini, Omar Abou Khaled, Rolf Ingold",
  title = 	 "A self-paced BCI system to control an electric wheelchair: evaluation of a commercial, low-cost EEG device",
  journal =	 "Biosignals and Biorobotics Conference (BRC), 2012 ISSNIP",
  year =	 2012,
  month =	 "January",
  note = "{doi: 10.1109/BRC.2012.6222185}"
}

@Article{adhd,
  author = 	 "Choon Guan Lim, Tih Shih Lee, Cuntai Guan, Daniel Shuen Sheng Fung, Yudong Zhao, Stephanie Sze Wei Teng, Haihong Zhang, K. Ranga Rama Krishnan",
  title = 	 "A Brain-Computer Interface Based Attention Training Program for Treating Attention Deficit Hyperactivity Disorder",
  journal =	 "PLoS ONE 7(10): e46692",
  year =	 2012,
  month =	 "October",
  note = "{doi: 10.1371/journal.pone.0046692}"
}

@Article{moviebrain,
  author = 	 "Shinji Nishimoto, An T. Vu, Thomas Naselaris, Yuval Benjamini, Bin Yu, Jack L. Gallant",
  title = 	 "Reconstructing Visual Experiences from Brain Activity Evoked by Natural Movies",
  journal =	 "Current Biology",
  number = 21,
  pages = "1641-1646",
  year =	 2011,
  month =	 "October",
  note = "{doi: http://dx.doi.org/10.1016/j.cub.2011.08.031}"
}

@misc{gall1992method,
  title={Method and system for altering consciousness},
  author={Gall, James},
  howpublished="\url{http://www.google.com/patents/US5123899}",
  year={1992},
  month=jun # "~23",
  publisher={Google Patents},
  note={US Patent 5,123,899}
}

@misc{mindtunes,
  title={Mindtunes},
  author={Smirnoff},
  howpublished="\url{https://www.youtube.com/watch?v=PgfxKZiSCDQ}",
  year={2013}
}

@misc{emoLens,
  title={EmoLens},
  author={Android Technologies Inc.},
  howpublished="\url{https://www.youtube.com/watch?v=E9_XZlHoSp0}",
  year={2010}
}

@misc{nasatlx,
  title={NASA TLX Test},
  author={Keith Vertanen},
  howpublished="\url{http://www.keithv.com/software/nasatlx/nasatlx.html}",
  year={2010}
}

@misc{walkerboys,
  title={Unity Tutorial},
  author={Walker Boys Studio},
  howpublished="\url{http://walkerboystudio.com/html/unity_course_start_here__free_.html}",
  year={2014}
}

@misc{carphysics,
  title={Car Physics for Games},
  author={Marco Monster},
  howpublished="\url{http://www.asawicki.info/Mirror/Car%20Physics%20for%20Games/Car%20Physics%20for%20Games.html}",
  year={2015}
}

@misc{flattutorials,
  title={Unity Car Game Tutorial},
  author={Flat Tutorials},
  howpublished="\url{https://www.youtube.com/watch?v=c5Snsi68xzE&list=PL67XFC3MYQ6K0PXSad15xFrhxNL76r4Te}",
  year={2014}
}

@misc{experimenterEPOC,
  title={Experimenter EPOC - An experimentation and mind-reading application for the Emotiv EPOC},
  author={Adelson, Michael},
  howpublished="\url{http://compmem.princeton.edu/experimenter/ExperimenterReport.html#_Toc290642075}",
  year={2011},
  month=apr # "~15"
}

@misc{emoTraining,
  title={Emotiv Training},
  author={Emotiv},
  howpublished="\url{http://emotiv.com/forum/messages/forum4/topic114/message392/?phrase_id=464885#message392}",
  year={2015},
  month=mar # "~29"
}

@misc{refSensors1,
  title={Emotiv Reference Sensors},
  author={Emotiv},
  howpublished="\url{https://www.emotiv.com/forum/forum4/topic3409/messages/}",
  year={2015},
  month=mar # "~29"
}

@misc{refSensors2,
  title={Reference Sensors},
  author={BioSemi},
  howpublished="\url{http://www.biosemi.com/faq/cms&drl.htm}",
  year={2015},
  month=mar # "~29"
}

@misc{hons1201,
  title={Investigating the Emotiv EPOC for cognitive control in limited training time},
  author={Matt Lang},
  year={2012}
}

@misc{assassins,
  title={Unity Game List},
  author={Unity},
  howpublished="\url{https://unity3d.com/gallery/made-with-unity/game-list/profile}",
  year={2015},
  month=apr
}

@misc{battlestar,
  title={Battlestar Galactica Online},
  author={Wikipedia},
  howpublished="\url{http://en.wikipedia.org/wiki/Battlestar_Galactica_Online}",
  year={2015},
  month=apr
}

@manual{emotivUserManual,
  title={EPOC User Manual},
  organization={Emotiv},
  year={2014}
}

@manual{emotivSDKUserManual,
  title={Emotiv Sofware Development Kit User Manual for Release 2.0.0.20},
  organization={Emotiv},
  year={2014}
}

@Book{jmurray,
  author = 	 "Jeff W. Murray",
  title = 	 "C\# Game Programming Cookbook for Unity 3D",
  publisher = 	 "CRC Press",
  year = 	 2014
}
